% refer to : https://mathscinet.ams.org/msnhtml/serials.pdf
% for the Journal name Abbreviations
@misc{ChoEtal18b,
	Author = {S.-C. T. Choi and Y. Ding and F. J. Hickernell and L. Jiang and {\relax Ll}. A. {Jim\'enez Rugama} and D. Li and R. Jagadeeswaran and X. Tong and K. Zhang and Y. Zhang and X. Zhou},
	Howpublished = {\url{http://gailgithub.github.io/GAIL_Dev/}, MATLAB software},
	Pubtype = soft,
	Title = {{GAIL}: {G}uaranteed {A}utomatic {I}ntegration {L}ibrary (Versions 1.0--2.3)},
	Url = {http://gailgithub.github.io/GAIL\_Dev/},
	Year = {{2013--2019}}
}

@article{FunappxFunmin,
    Author = {S-C. T. Choi and Y. Ding and F. J. Hickernell and X. Tong}, 
    Title = {Local Adaption for Approximation and Minimization of Univariate Functions},
    Journal = {J. Complexity},
    volume = 40, 
    Pages = {17--33}, 
    Year = {2017}
}

    
@proceedings{KuoEtal14a,
	Booktitle = {{M}onte {C}arlo and Quasi-{M}onte {C}arlo Methods 2012},
	Date-Added = {2015-09-14 19:28:29 +0000},
	Date-Modified = {2016-03-26 22:22:54 +0000},
	Editor = {J. Dick and F. Y. Kuo and G. W. Peters and I. H. Sloan},
	Publisher = {Springer-Verlag, Berlin},
	Pubtype = ed,
	Series = {Springer Proc. in Math. Stat.},
	Title = {{M}onte {C}arlo and Quasi-{M}onte {C}arlo Methods 2012},
	Volume = {65},
	Year = {2013}
	}
	
@inproceedings{meanMCcubMC,
    Author = {F. J. Hickernell and L. Jiang and Y. Liu and A. B. Owen}, 
    Title = {Guaranteed conservative fixed width confidence intervals via {M}onte
{C}arlo sampling},
    Pubtype = {chap},
    Pages = {105--128},
	Booktitle = {{M}onte {C}arlo and Quasi-{M}onte {C}arlo Methods 2012},
	Date-Added = {2015-09-14 19:28:29 +0000},
	Date-Modified = {2016-03-26 22:22:54 +0000},
	Editor = {J. Dick and F. Y. Kuo and G. W. Peters and I. H. Sloan},
	Publisher = {Springer-Verlag, Berlin},
	Pubtype = ed,
	Series = {Springer Proc. in Math. Stat.},
	Volume = {65},
	Year = {2013}
    }

@article{cubSobol,
    Author = {{\relax Ll}. A. {Jim\'enez Rugama} and F. J. Hickernell}, 
    Title = {Reliable adaptive cubature using digital sequences}, 
    Journal = {Springer Proc. in Math. Stat.}, 
    Publisher = {Springer-Verlag, Berlin},
    Volume = {163},
    Year = {2016} 
}

@article{cubLattice,
    Author = {{\relax Ll}. A. {Jim\'enez Rugama} and F. J. Hickernell}, 
    Title = {Adaptive multidimensional integration based on rank-1 lattices}, 
    Journal = {Springer Proc. in Math. Stat.}, 
    Publisher = {Springer-Verlag, Berlin},
    Volume = {163},
    Year = {2016} 
}

@article{cubBayesLattice,
    Author = {R. Jagadeeswaran and F. J. Hickernell}, 
    Title = {Fast Adaptive {B}ayesian cubature using Lattice sampling}, 
    Journal = {In review}, 
    Year = {2018} 
}

@article{GilJim16b,
	Author = {{\relax Ll}. A. {Jim\'enez Rugama} and L. Gilquin},
	Doi = {10.1007/s11222-017-9759-1},
	Journal = {Statistics and Computing},
	Title = {Reliable error estimation for {S}obol' indices},
	Year = {2018}}
	
@article{hickernellmonte,
  title={Monte Carlo simulation, automatic stopping criteria for},
  author={Hickernell, Fred J and Choi, Sou-Cheng T and Jiang, Lan and Rugama, Llu{\i}s Antoni Jim{\'e}nez},
  journal={Wiley StatsRef: Statistics Reference Online},
  pages={1--7},
  publisher={American Cancer Society}
}